\usepackage[style=numeric-comp]{biblatex}

@report{OracleWP,
author = {Oracle Corporation},
title = {The Benefits of Risk Assessment on Projects, 
Portfolios, and Businesses},
type = {White Paper},
institution = {Enterprise Software, Computer Software},
date = {June 2009},
language = {English},
month = {June},
year = {2009},
pagetotal = {14},
url = {http://www.oracle.com/us/042743.pdf},
urldate = {10/02/2014},
}