@misc{ fbterms,
       author       = "Facebook",
       title        = "Statement of Rights and Responsibilities",
       month        = "November",
       year         = "2013",
       howpublished = "https://www.facebook.com/legal/terms"
}

@misc{ fbdatause,
       author       = "Facebook",
       title        = "Facebook Datause Policy",
       month        = "November",
       year         = "2013",
       howpublished = "https://www.facebook.com/about/privacy"
}

@misc { fbcookies,
        author = "Facebook",
        title  = "Cookies, Pixels \& Similar Technologies",
        year   = "2014",
        howpublished = "https://www.facebook.com/help/cookies"
}

@report{ OracleWP,
         author = {Oracle Corporation},
         title = {The Benefits of Risk Assessment on Projects, Portfolios, and
                  Businesses},
         type = {White Paper},
         institution = {Enterprise Software, Computer Software},
         date = {June 2009},
         language = {English},
         month = {June},
         year = {2009},
         pagetotal = {14},
         url = {http://www.oracle.com/us/042743.pdf},
         urldate = {10/02/2014}
}

@misc { greenwald_annoying,
        author = "Peter Maass",
        title  = "How Laura Poitras Helped Snowden Spill His Secrets",
        year   = "2013",
        month  = "August",
        howpublished = "http://www.nytimes.com\allowbreak /2013/08/18/magazine/laura-poitras-snowden.html?smid=pl-share"
}
